@article
{
    cancer-01,
    title={Cancer statistics, 2023},
    author={Siegel, Rebecca L and Miller, Kimberly D and Wagle, Nikita Sandeep and Jemal, Ahmedin},
    journal={Ca Cancer J Clin},
    volume={73},
    number={1},
    pages={17--48},
    year={2023}
}

@article
{
    lung-01,
    title={Lung cancer in never smokers--a review},
    author={Couraud, S{\'e}bastien and Zalcman, G{\'e}rard and Milleron, Bernard and Morin, Franck and Souquet, Pierre-Jean},
    journal={European journal of cancer},
    volume={48},
    number={9},
    pages={1299--1311},
    year={2012},
    publisher={Elsevier}
}

@article
{
    lung-02,
    title={Lung cancer: diagnosis and management},
    author={Collins, Lauren G and Haines, Christopher and Perkel, Robert and Enck, Robert E},
    journal={American family physician},
    volume={75},
    number={1},
    pages={56--63},
    year={2007}
}

@article
{
    lung-03,
    title={Non-small-cell lung cancer},
    author={Gridelli, Cesare and Rossi, Antonio and Carbone, David P and Guarize, Juliana and Karachaliou, Niki and Mok, Tony and Petrella, Francesco and Spaggiari, Lorenzo and Rosell, Rafael},
    journal={Nature reviews Disease primers},
    volume={1},
    number={1},
    pages={1--16},
    year={2015},
    publisher={Nature Publishing Group}
}

@article
{
    LUSC-01,
    title={Comprehensive genomic characterization of squamous cell lung cancers},
    author={Hammerman, Peter S and Voet, Doug and Lawrence, Michael S and Voet, Douglas and Jing, Rui and Cibulskis, Kristian and Sivachenko, Andrey and Stojanov, Petar and McKenna, Aaron and Lander, Eric S and others},
    journal={Nature},
    volume={489},
    number={7417},
    pages={519--525},
    year={2012},
    publisher={Nature Publishing Group}
}

@article
{
    LUAD-01,
    title={Comprehensive molecular profiling of lung adenocarcinoma},
    author={Cancer Genome Atlas Research Network and others},
    journal={Nature},
    volume={511},
    number={7511},
    pages={543},
    year={2014},
    publisher={NIH Public Access}
}

@article
{
    lung-04,
    title={Pathology of lung cancer},
    author={Travis, William D},
    journal={Clinics in chest medicine},
    volume={23},
    number={1},
    pages={65--81},
    year={2002},
    publisher={Elsevier}
}

@article
{
    lung-05,
    title={The comparison between adenocarcinoma and squamous cell carcinoma in lung cancer patients},
    author={Wang, Bing-Yen and Huang, Jing-Yang and Chen, Heng-Chung and Lin, Ching-Hsiung and Lin, Sheng-Hao and Hung, Wei-Heng and Cheng, Ya-Fu},
    journal={Journal of cancer research and clinical oncology},
    volume={146},
    pages={43--52},
    year={2020},
    publisher={Springer}
}

@article
{
    CGC-01,
    title={COSMIC: the catalogue of somatic mutations in cancer},
    author={Tate, John G and Bamford, Sally and Jubb, Harry C and Sondka, Zbyslaw and Beare, David M and Bindal, Nidhi and Boutselakis, Harry and Cole, Charlotte G and Creatore, Celestino and Dawson, Elisabeth and others},
    journal={Nucleic acids research},
    volume={47},
    number={D1},
    pages={D941--D947},
    year={2019},
    publisher={Oxford University Press}
}

@article
{
    KMT2D-01,
    title={Biochemical reconstitution and phylogenetic comparison of human SET1 family core complexes involved in histone methylation},
    author={Shinsky, Stephen A and Monteith, Kelsey E and Viggiano, Susan and Cosgrove, Michael S},
    journal={Journal of Biological Chemistry},
    volume={290},
    number={10},
    pages={6361--6375},
    year={2015},
    publisher={ASBMB}
}

@article
{
    KMT2D-02,
    title={Histone H3 lysine 4 methyltransferase KMT2D},
    author={Froimchuk, Eugene and Jang, Younghoon and Ge, Kai},
    journal={Gene},
    volume={627},
    pages={337--342},
    year={2017},
    publisher={Elsevier}
}

@article
{
    KMT2D-03,
    title={KMT2D deficiency impairs super-enhancers to confer a glycolytic vulnerability in lung cancer},
    author={Alam, Hunain and Tang, Ming and Maitituoheti, Mayinuer and Dhar, Shilpa S and Kumar, Manish and Han, Chae Young and Ambati, Chandrashekar R and Amin, Samir B and Gu, Bingnan and Chen, Tsai-Yu and others},
    journal={Cancer cell},
    volume={37},
    number={4},
    pages={599--617},
    year={2020},
    publisher={Elsevier}
}

@article
{
    KMT2D-04,
    title={KMT2D mutation is associated with poor prognosis in non--small-cell lung cancer},
    author={Ardeshir-Larijani, Fatemeh and Bhateja, Priyanka and Lipka, Mary Beth and Sharma, Neelesh and Fu, Pingfu and Dowlati, Afshin},
    journal={Clinical lung cancer},
    volume={19},
    number={4},
    pages={e489--e501},
    year={2018},
    publisher={Elsevier}
}

@article
{
    NOTCH1-01,
    title={Integrin cytoplasmic domain--associated protein-1 attenuates sprouting angiogenesis},
    author={Br{\"u}tsch, Ren{\'e} and Liebler, Sven S and W{\"u}stehube, Joycelyn and Bartol, Arne and Herberich, Stefanie E and Adam, M Gordian and Telzerow, Anja and Augustin, Hellmut G and Fischer, Andreas},
    journal={Circulation research},
    volume={107},
    number={5},
    pages={592--601},
    year={2010},
    publisher={Am Heart Assoc}
}

@article
{
    NOTCH1-02,
    title={Notch1 signaling controls cell proliferation, apoptosis and differentiation in lung carcinoma},
    author={Wael, Hassan and Yoshida, Ryoji and Kudoh, Shinji and Hasegawa, Kohki and Niimori-Kita, Kanako and Ito, Takaaki},
    journal={Lung Cancer},
    volume={85},
    number={2},
    pages={131--140},
    year={2014},
    publisher={Elsevier}
}

@article
{
    NOTCH1-03,
    title={Notch1 promotes glioma cell migration and invasion by stimulating $\beta$-catenin and NF-$\kappa$B signaling via AKT activation},
    author={Zhang, Xiaohua and Chen, Tao and Zhang, Jiannan and Mao, Qin and Li, Shanquan and Xiong, Wenhao and Qiu, Yongming and Xie, Qiuling and Ge, Jianwei},
    journal={Cancer science},
    volume={103},
    number={2},
    pages={181--190},
    year={2012},
    publisher={Wiley Online Library}
}

@article
{
    NOTCH1-04,
    title={Targeted deep sequencing from multiple sources demonstrates increased NOTCH1 alterations in lung cancer patient plasma},
    author={Liao, Yuwei and Ma, Zhaokui and Zhang, Yu and Li, Dan and Lv, Dekang and Chen, Zhisheng and Li, Peiying and AI-Dherasi, Aisha and Zheng, Feng and Tian, Jichao and others},
    journal={Cancer medicine},
    volume={8},
    number={12},
    pages={5673--5686},
    year={2019},
    publisher={Wiley Online Library}
}

@article
{
    cancerization-01,
    title={An evolutionary perspective on field cancerization},
    author={Curtius, Kit and Wright, Nicholas A and Graham, Trevor A},
    journal={Nature Reviews Cancer},
    volume={18},
    number={1},
    pages={19--32},
    year={2018},
    publisher={Nature Publishing Group UK London}
}

@article
{
    RB1-01,
    title={Rb function in cell-cycle regulation and apoptosis},
    author={Harbour, J William and Dean, Douglas C},
    journal={Nature cell biology},
    volume={2},
    number={4},
    pages={E65--E67},
    year={2000},
    publisher={Nature Publishing Group}
}

@article
{
    RB1-02,
    title={Genome-wide profiling of non-smoking-related lung cancer cells reveals common RB1 rearrangements associated with histopathologic transformation in EGFR-mutant tumors},
    author={Pros, E and Saigi, M and Alameda, D and Gomez-Mariano, G and Martinez-Delgado, Beatriz and Alburquerque-Bejar, JJ and Carretero, J and Tonda, R and Esteve-Codina, A and Catala, I and others},
    journal={Annals of Oncology},
    volume={31},
    number={2},
    pages={274--282},
    year={2020},
    publisher={Elsevier}
}

@article
{
    RB1-03,
    title={Nicotine upregulates FGFR3 and RB1 expression and promotes non-small cell lung cancer cell proliferation and epithelial-to-mesenchymal transition via downregulation of miR-99b and miR-192},
    author={Du, Xuemei and Qi, Fei and Lu, Sheyu and Li, Yongchun and Han, Wei},
    journal={Biomedicine \& Pharmacotherapy},
    volume={101},
    pages={656--662},
    year={2018},
    publisher={Elsevier}
}

@article
{
    RB1-04,
    title={Retinoblastoma mutation predicts poor outcomes in advanced non small cell lung cancer},
    author={Bhateja, Priyanka and Chiu, Michelle and Wildey, Gary and Lipka, Mary Beth and Fu, Pingfu and Yang, Michael Chiu Lee and Ardeshir-Larijani, Fatemeh and Sharma, Neelesh and Dowlati, Afshin},
    journal={Cancer medicine},
    volume={8},
    number={4},
    pages={1459--1466},
    year={2019},
    publisher={Wiley Online Library}
}

@article
{
    RUNX1T1-01,
    title={The ETO (MTG8) gene family},
    author={Davis, J Nathan and McGhee, Laura and Meyers, Shari},
    journal={Gene},
    volume={303},
    pages={1--10},
    year={2003},
    publisher={Elsevier}
}

@article
{
    RUNX1T1-02,
    title={The MTG proteins: chromatin repression players with a passion for networking},
    author={Rossetti, Stefano and Hoogeveen, Andr{\'e} T and Sacchi, Nicoletta},
    journal={Genomics},
    volume={84},
    number={1},
    pages={1--9},
    year={2004},
    publisher={Elsevier}
}

@article
{
    RUNX1T1-03,
    title={Identification of RUNX1T1 as a potential epigenetic modifier in small-cell lung cancer},
    author={He, Tian and Wildey, Gary and McColl, Karen and Savadelis, Alyssa and Spainhower, Kyle and McColl, Cassidy and Kresak, Adam and Tan, Aik Choon and Yang, Michael and Abbas, Ata and others},
    journal={Molecular Oncology},
    volume={15},
    number={1},
    pages={195--209},
    year={2021},
    publisher={Wiley Online Library}
}

@article
{
    RUNX1T1-04,
    title={Comparative genomic analysis of primary tumors and paired brain metastases in lung cancer patients by whole exome sequencing: a pilot study},
    author={Tomasini, Pascale and Barlesi, Fabrice and Gilles, Sophie and Nanni-Metellus, Isabelle and Soffietti, Riccardo and Denicolai, Emilie and Pellegrino, Eric and Bialecki, Emilie and Ouafik, L’Houcine and Metellus, Philippe},
    journal={Oncotarget},
    volume={11},
    number={50},
    pages={4648},
    year={2020},
    publisher={Impact Journals, LLC}
}

@article
{
    TP53-01,
    title={Association of TP53 mutations with response and longer survival under immune checkpoint inhibitors in advanced non-small-cell lung cancer},
    author={Assoun, Sandra and Theou-Anton, Nathalie and Nguenang, Marina and Cazes, Aur{\'e}lie and Danel, Claire and Abbar, Baptiste and Pluvy, Johan and Gounant, Val{\'e}rie and Khalil, Antoine and Namour, C{\'e}line and others},
    journal={Lung cancer},
    volume={132},
    pages={65--71},
    year={2019},
    publisher={Elsevier}
}

@article
{
    TP53-02,
    title={Interaction between the microbiome and TP53 in human lung cancer},
    author={Greathouse, K Leigh and White, James R and Vargas, Ashely J and Bliskovsky, Valery V and Beck, Jessica A and von Muhlinen, Natalia and Polley, Eric C and Bowman, Elise D and Khan, Mohammed A and Robles, Ana I and others},
    journal={Genome biology},
    volume={19},
    pages={1--16},
    year={2018},
    publisher={Springer}
}

@article
{
    signature-01,
    title={Mutational processes molding the genomes of 21 breast cancers},
    author={Nik-Zainal, Serena and Alexandrov, Ludmil B and Wedge, David C and Van Loo, Peter and Greenman, Christopher D and Raine, Keiran and Jones, David and Hinton, Jonathan and Marshall, John and Stebbings, Lucy A and others},
    journal={Cell},
    volume={149},
    number={5},
    pages={979--993},
    year={2012},
    publisher={Elsevier}
}

@article
{
    signature-02,
    title={The repertoire of mutational signatures in human cancer},
    author={Alexandrov, Ludmil B and Kim, Jaegil and Haradhvala, Nicholas J and Huang, Mi Ni and Ng, Alvin Wei Tian and Wu, Yang and Boot, Arnoud and Covington, Kyle Rand Gordenin, Dmitry A and Bergstrom, Erik N and others},
    journal={Nature},
    volume={578},
    number={7793},
    pages={94--101},
    year={2020},
    publisher={Nature Publishing Group}
}

@article
{
    signature-03,
    title={Patterns and mutational signatures of tandem base substitutions causing human inherited disease},
    author={Chen, Jian−Min and F{\'e}rec, Claude and Cooper, David N},
    journal={Human mutation},
    volume={34},
    number={8},
    pages={1119--1130},
    year={2013},
    publisher={Wiley Online Library}
}

@article
{
    singlecell-01,
    title={Single-cell RNA sequencing demonstrates the molecular and cellular reprogramming of metastatic lung adenocarcinoma},
    author={Kim, Nayoung and Kim, Hong Kwan and Lee, Kyungjong and Hong, Yourae and Cho, Jong Ho and Choi, Jung Won and Lee, Jung-Il and Suh, Yeon-Lim and Ku, Bo Mi and Eum, Hye Hyeon and others},
    journal={Nature communications},
    volume={11},
    number={1},
    pages={1--15},
    year={2020},
    publisher={Nature Publishing Group}
}

@article
{
    singlecell-02,
    title={Contribution of resident and circulating precursors to tumor-infiltrating CD8+ T cell populations in lung cancer},
    author={Gueguen, Paul and Metoikidou, Christina and Dupic, Thomas and Lawand, Myriam and Goudot, Christel and Baulande, Sylvain and Lameiras, Sonia and Lantz, Olivier and Girard, Nicolas and Seguin-Givelet, Agathe and others},
    journal={Science Immunology},
    volume={6},
    number={55},
    pages={eabd5778},
    year={2021},
    publisher={American Association for the Advancement of Science}
}