@article
{
    bwa1,
    title={Fast and accurate short read alignment with Burrows--Wheeler transform},
    author={Li, Heng and Durbin, Richard},
    journal={bioinformatics},
    volume={25},
    number={14},
    pages={1754--1760},
    year={2009},
    publisher={Oxford University Press}
}

@article
{
    bwa2,
    title={Aligning sequence reads, clone sequences and assembly contigs with BWA-MEM},
    author={Li, Heng},
    journal={arXiv preprint arXiv:1303.3997},
    year={2013}
}

@article
{
    bowtie1,
    title={Fast gapped-read alignment with Bowtie 2},
    author={Langmead, Ben and Salzberg, Steven L},
    journal={Nature methods},
    volume={9},
    number={4},
    pages={357},
    year={2012},
    publisher={Nature Publishing Group}
}

@article
{
    star1,
    title={STAR: ultrafast universal RNA-seq aligner},
    author={Dobin, Alexander and Davis, Carrie A and Schlesinger, Felix and Drenkow, Jorg and Zaleski, Chris and Jha, Sonali and Batut, Philippe and Chaisson, Mark and Gingeras, Thomas R},
    journal={Bioinformatics},
    volume={29},
    number={1},
    pages={15--21},
    year={2013},
    publisher={Oxford University Press}
}

@article
{
    gatk1,
    title={From FastQ data to high-confidence variant calls: the genome analysis toolkit best practices pipeline},
    author={Van der Auwera, Geraldine A and Carneiro, Mauricio O and Hartl, Christopher and Poplin, Ryan and Del Angel, Guillermo and Levy-Moonshine, Ami and Jordan, Tadeusz and Shakir, Khalid and Roazen, David and Thibault, Joel and others},
    journal={Current protocols in bioinformatics},
    volume={43},
    number={1},
    pages={11--10},
    year={2013},
    publisher={Wiley Online Library}
}

@article
{
    gatk2,
    title={A framework for variation discovery and genotyping using next-generation DNA sequencing data},
    author={DePristo, Mark A and Banks, Eric and Poplin, Ryan and Garimella, Kiran V and Maguire, Jared R and Hartl, Christopher and Philippakis, Anthony A and Del Angel, Guillermo and Rivas, Manuel A and Hanna, Matt and others},
    journal={Nature genetics},
    volume={43},
    number={5},
    pages={491},
    year={2011},
    publisher={Nature Publishing Group}
}

@article
{
    samtools1,
    title={The sequence alignment/map format and SAMtools},
    author={Li, Heng and Handsaker, Bob and Wysoker, Alec and Fennell, Tim and Ruan, Jue and Homer, Nils and Marth, Gabor and Abecasis, Goncalo and Durbin, Richard},
    journal={Bioinformatics},
    volume={25},
    number={16},
    pages={2078--2079},
    year={2009},
    publisher={Oxford University Press}
}

@misc
{
    fastqc1,
    address = {{Babraham, UK}},
    title = {{{FastQC}}},
    copyright = {GPL v3},
    abstract = {FastQC aims to provide a simple way to do some quality control checks on raw sequence data coming from high throughput sequencing pipelines. It provides a modular set of analyses which you can use to give a quick impression of whether your data has any problems of which you should be aware before doing any further analysis.},
    howpublished = {Babraham Institute},
    author = {Andrews, Simon and Krueger, Felix and {Segonds-Pichon}, Anne and Biggins, Laura and Krueger, Christel and Wingett, Steven},
    month = jan,
    year = {2012}
}

@article
{
    sequenza1,
    title={Sequenza: allele-specific copy number and mutation profiles from tumor sequencing data},
    author={Favero, Francesco and Joshi, Tejal and Marquard, Andrea Marion and Birkbak, Nicolai Juul and Krzystanek, Marcin and Li, Qiyuan and Szallasi, Z and Eklund, Aron Charles},
    journal={Annals of Oncology},
    volume={26},
    number={1},
    pages={64--70},
    year={2015},
    publisher={European Society for Medical Oncology}
}

@software
{
    vcf2maf1,
    author       = {Cyriac Kandoth and
    JianJiong Gao and
    qwangmsk and
    Michele Mattioni and
    Adam Struck and
    Yannick Boursin and
    Alex Penson and
    Shweta Chavan},
    title        = {mskcc/vcf2maf: vcf2maf v1.6.16},
    month        = feb,
    year         = 2018,
    publisher    = {Zenodo},
    version      = {v1.6.16},
    doi          = {10.5281/zenodo.1185418},
    url          = {https://doi.org/10.5281/zenodo.1185418}
}

@article
{
    comut1,
    title={CoMut: visualizing integrated molecular information with comutation plots},
    author={Crowdis, Jett and He, Meng Xiao and Reardon, Brendan and Van Allen, Eliezer M},
    journal={Bioinformatics},
    volume={36},
    number={15},
    pages={4348--4349},
    year={2020},
    publisher={Oxford University Press}
}

@software
{
    seaborn1,
    author       = {Michael Waskom and the seaborn development team},
    title        = {mwaskom/seaborn},
    month        = sep,
    year         = 2020,
    publisher    = {Zenodo},
    version      = {latest},
    doi          = {10.5281/zenodo.592845},
    url          = {https://doi.org/10.5281/zenodo.592845},
}

@article
{
    vep1,
    title={The ensembl variant effect predictor},
    author={McLaren, William and Gil, Laurent and Hunt, Sarah E and Riat, Harpreet Singh and Ritchie, Graham RS and Thormann, Anja and Flicek, Paul and Cunningham, Fiona},
    journal={Genome biology},
    volume={17},
    number={1},
    pages={1--14},
    year={2016},
    publisher={BioMed Central}
}

@misc
{
    picard1,
    title = {Picard toolkit},
    year = {2019},
    publisher = {Broad Institute},
    journal = {Broad Institute, GitHub repository},
    howpublished = {\url{http://broadinstitute.github.io/picard/}}
}

@software
{
    pandas1,
    author       = {The pandas development team},
    title        = {pandas-dev/pandas: Pandas},
    month        = feb,
    year         = 2020,
    publisher    = {Zenodo},
    version      = {latest},
    doi          = {10.5281/zenodo.3509134},
    url          = {https://doi.org/10.5281/zenodo.3509134}
}

@InProceedings
{
    pandas2,
    author    = { {W}es {M}c{K}inney },
    title     = { {D}ata {S}tructures for {S}tatistical {C}omputing in {P}ython },
    booktitle = { {P}roceedings of the 9th {P}ython in {S}cience {C}onference },
    pages     = { 56 - 61 },
    year      = { 2010 },
    editor    = { {S}t\'efan van der {W}alt and {J}arrod {M}illman },
    doi       = { 10.25080/Majora-92bf1922-00a }
}

@article
{
    matplotlib1,
    title={Matplotlib: A 2D graphics environment},
    author={Hunter, John D},
    journal={IEEE Annals of the History of Computing},
    volume={9},
    number={03},
    pages={90--95},
    year={2007},
    publisher={IEEE Computer Society}
}

@article
{
    witer1,
    title={WITER: a powerful method for estimation of cancer-driver genes using a weighted iterative regression modelling background mutation counts},
    author={Jiang, Lin and Zheng, Jingjing and Kwan, Johnny SH and Dai, Sheng and Li, Cong and Li, Mulin Jun and Yu, Bolan and To, Ka F and Sham, Pak C and Zhu, Yonghong and others},
    journal={Nucleic acids research},
    volume={47},
    number={16},
    pages={e96--e96},
    year={2019},
    publisher={Oxford University Press}
}

@article
{
    MutPanning1,
    title={Identification of cancer driver genes based on nucleotide context},
    author={Dietlein, Felix and Weghorn, Donate and Taylor-Weiner, Amaro and Richters, Andr{\'e} and Reardon, Brendan and Liu, David and Lander, Eric S and Van Allen, Eliezer M and Sunyaev, Shamil R},
    journal={Nature genetics},
    volume={52},
    number={2},
    pages={208--218},
    year={2020},
    publisher={Nature Publishing Group}
}